%YAML 1.1
%TAG !u! tag:unity3d.com,2011:
--- !u!1 &3716649782087749872
GameObject:
  m_ObjectHideFlags: 0
  m_CorrespondingSourceObject: {fileID: 0}
  m_PrefabInstance: {fileID: 0}
  m_PrefabAsset: {fileID: 0}
  serializedVersion: 6
  m_Component:
  - component: {fileID: 3716649782087749878}
  - component: {fileID: 3716649782087749873}
  - component: {fileID: 3716649782087749876}
  - component: {fileID: 3716649782087749879}
  - component: {fileID: 3716649782087749877}
  m_Layer: 0
  m_Name: EggSpawner
  m_TagString: EggSpawner
  m_Icon: {fileID: 0}
  m_NavMeshLayer: 0
  m_StaticEditorFlags: 4294967295
  m_IsActive: 1
--- !u!4 &3716649782087749878
Transform:
  m_ObjectHideFlags: 0
  m_CorrespondingSourceObject: {fileID: 0}
  m_PrefabInstance: {fileID: 0}
  m_PrefabAsset: {fileID: 0}
  m_GameObject: {fileID: 3716649782087749872}
  m_LocalRotation: {x: 0, y: 0, z: 0, w: 1}
  m_LocalPosition: {x: 0, y: 0, z: 0}
  m_LocalScale: {x: 1, y: 1, z: 1}
  m_Children: []
  m_Father: {fileID: 0}
  m_RootOrder: 0
  m_LocalEulerAnglesHint: {x: 0, y: 0, z: 0}
--- !u!114 &3716649782087749873
MonoBehaviour:
  m_ObjectHideFlags: 0
  m_CorrespondingSourceObject: {fileID: 0}
  m_PrefabInstance: {fileID: 0}
  m_PrefabAsset: {fileID: 0}
  m_GameObject: {fileID: 3716649782087749872}
  m_Enabled: 1
  m_EditorHideFlags: 0
  m_Script: {fileID: 11500000, guid: 4378bb0345773334fa4e98cf8e62e2cc, type: 3}
  m_Name: 
  m_EditorClassIdentifier: 
  Entity: {fileID: 111714, guid: aa657c42d0a5c8846b74d8b95e2c2525, type: 3}
  nEntity: 0
  wait: 0.4
  spawnBoundaries: 1000
  gene: {fileID: 0}
  srcgene: {fileID: 0}
  energystart: 100
  flag: 0
--- !u!114 &3716649782087749876
MonoBehaviour:
  m_ObjectHideFlags: 0
  m_CorrespondingSourceObject: {fileID: 0}
  m_PrefabInstance: {fileID: 0}
  m_PrefabAsset: {fileID: 0}
  m_GameObject: {fileID: 3716649782087749872}
  m_Enabled: 1
  m_EditorHideFlags: 0
  m_Script: {fileID: 11500000, guid: 188db511fcd6788479fe839f6da22c94, type: 3}
  m_Name: 
  m_EditorClassIdentifier: 
  layTime: 15
  broodTime: 10
  hatchTime: 0
  sizeRatio: 0
  speedRatio: 0
  colorR: 0
  colorG: 0
  colorB: 0
  strength: 0
  muteInt: 0
  muteChance: 0
  viewAngle: 0
  viewRadius: 0
  clkSpeed: 0
  diet: 0
  pherosense: 0
  baseImmune: 0.01
--- !u!114 &3716649782087749879
MonoBehaviour:
  m_ObjectHideFlags: 0
  m_CorrespondingSourceObject: {fileID: 0}
  m_PrefabInstance: {fileID: 0}
  m_PrefabAsset: {fileID: 0}
  m_GameObject: {fileID: 3716649782087749872}
  m_Enabled: 1
  m_EditorHideFlags: 0
  m_Script: {fileID: 11500000, guid: 716c4d7db67163440b7ec73a97519058, type: 3}
  m_Name: 
  m_EditorClassIdentifier: 
  genes:
  - 15
  - 0
  - 5
  - 1
  - 1
  - 1
  - 1
  - 1
  - 1
  - 0.25
  - 0.74
  - 50
  - 75
  - 1
  generation: 0
  deuxParent: 0
  nGene: 17
--- !u!114 &3716649782087749877
MonoBehaviour:
  m_ObjectHideFlags: 0
  m_CorrespondingSourceObject: {fileID: 0}
  m_PrefabInstance: {fileID: 0}
  m_PrefabAsset: {fileID: 0}
  m_GameObject: {fileID: 3716649782087749872}
  m_Enabled: 1
  m_EditorHideFlags: 0
  m_Script: {fileID: 11500000, guid: 2f81882c1a45cae45ba036d86ddbe2f6, type: 3}
  m_Name: 
  m_EditorClassIdentifier: 
  maxInov: 0
  nInputs: 0
  nOutputs: 0
  nHidden: 0
  nActiveInputs: 0
  nActiveOutput: 0
  nNodes: 0
  nSynaps: 0
  brainWeight: 0
  tempBrain: {fileID: 0}
  tempBrain2: {fileID: 0}
  isReady: 0
  parent: 0
  outs: []
  ins: []
  syns: []
  tempInt: 0
  braintargets: 
